

@article{miglino1999robotics,
  title={Robotics as an educational tool},
  author={Miglino, Orazio and Lund, Henrik Hautop and Cardaci, Maurizio},
  journal={Journal of Interactive Learning Research},
  volume={10},
  number={1},
  pages={25--47},
  year={1999}
}

@article{Benitti2012978,
title = "Exploring the educational potential of robotics in schools: A systematic review ",
journal = "Computers \& Education ",
volume = "58",
number = "3",
pages = "978 - 988",
year = "2012",
note = "",
issn = "0360-1315",
doi = "http://dx.doi.org/10.1016/j.compedu.2011.10.006",
url = "http://www.sciencedirect.com/science/article/pii/S0360131511002508",
author = "Fabiane Barreto Vavassori Benitti",
keywords = "Elementary education",
keywords = "Secondary education",
keywords = "Teaching/learning strategies",
keywords = "Evaluation methodologies",
keywords = "Improving classroom teaching "
}

@article{hussain2006effect,
  title={The effect of LEGO Training on Pupils' School Performance in Mathematics, Problem Solving Ability and Attitude: Swedish Data.},
  author={Hussain, Shakir and Lindh, J{\"o}rgen and Shukur, Ghazi},
  journal={Journal of Educational Technology \& Society},
  volume={9},
  number={3},
  year={2006}
}

@article{lindh2007does,
  title={Does lego training stimulate pupils ability to solve logical problems?},
  author={Lindh, J{\"o}rgen and Holgersson, Thomas},
  journal={Computers \& education},
  volume={49},
  number={4},
  pages={1097--1111},
  year={2007},
  publisher={Elsevier}
}

@article{barker2007robotics,
  title={Robotics as Means to Increase Achievement Scores in an Informal Learning Environment.},
  author={Barker, Bradley S and Ansorge, John},
  journal={Journal of Research on Technology in Education},
  volume={39},
  number={3},
  year={2007}
}

@article{whittier2007teaching,
  title={Teaching evolution to non-English proficient students by using lego robotics},
  author={Whittier, L Elena and Robinson, Michael},
  journal={American Secondary Education},
  pages={19--28},
  year={2007},
  publisher={JSTOR}
}

@article{williams2007acquisition,
  title={Acquisition of Physics Content Knowledge and Scientific Inquiry Skills in a Robotics Summer Camp.},
  author={Williams, Douglas C and Ma, Yuxin and Prejean, Louise and Ford, Mary Jane and Lai, Guolin},
  journal={Journal of Research on Technology in Education},
  volume={40},
  number={2},
  year={2007}
}

@inproceedings{nugent2008effect,
  title={The effect of 4-H robotics and geospatial technologies on science, technology, engineering, and mathematics learning and attitudes},
  author={Nugent, Gwen and Barker, Brad and Grandgenett, Neal},
  booktitle={World Conference on Educational Multimedia, Hypermedia and Telecommunications},
  volume={2008},
  number={1},
  pages={447--452},
  year={2008}
}

@inproceedings{nugent2009use,
  title={The use of digital manipulatives in K-12: robotics, gps/gis and programming},
  author={Nugent, Gwen and Barker, Brad and Grandgenett, Neal and Adamchuk, Vaicheslav},
  booktitle={Frontiers in Education Conference, 2009. FIE'09. 39th IEEE},
  pages={1--6},
  year={2009},
  organization={IEEE}
}

@article{sullivan2008robotics,
  title={Robotics and science literacy: Thinking skills, science process skills and systems understanding},
  author={Sullivan, Florence R},
  journal={Journal of Research in Science Teaching},
  volume={45},
  number={3},
  pages={373--394},
  year={2008},
  publisher={Wiley Online Library}
}

@article{owens2008lego,
  title={LEGO{\textregistered} therapy and the social use of language programme: an evaluation of two social skills interventions for children with high functioning autism and Asperger syndrome},
  author={Owens, Gina and Granader, Yael and Humphrey, Ayla and Baron-Cohen, Simon},
  journal={Journal of autism and developmental disorders},
  volume={38},
  number={10},
  pages={1944--1957},
  year={2008},
  publisher={Springer}
}

@article{mitnik2008autonomous,
  title={An autonomous educational mobile robot mediator},
  author={Mitnik, Ruben and Nussbaum, Miguel and Soto, Alvaro},
  journal={Autonomous Robots},
  volume={25},
  number={4},
  pages={367--382},
  year={2008},
  publisher={Springer}
}

@inproceedings{alimisis2012robotics,
  title={Robotics in education \& education in robotics: Shifting focus from technology to pedagogy},
  author={Alimisis, Dimitris},
  booktitle={Proceedings of the 3rd International Conference on Robotics in Education},
  pages={7--14},
  year={2012}
}

@article{sullivan2009robotics,
  title={robotics and discovery learning: pedagogical Beliefs, Teacher practice, and Technology integration},
  author={Sullivan, Florence R and Moriarty, Mary A},
  journal={Journal of Technology and Teacher Education},
  volume={17},
  number={1},
  pages={109--142},
  year={2009}
}

@article{mubin1review,
  title={A review of the applicability of robots in education},
  author={Mubin, Omar and Stevens, Catherine J and Shahid, Suleman and Al Mahmud, Abdullah and Dong, Jian-Jie},
  journal={Journal of Technology in Education and Learning},
  volume={1},
	year={2013}
}

@inproceedings{thomaz2009roboeduc,
  title={RoboEduc: a pedagogical tool to support educational robotics},
  author={Thomaz, Sarah and Agla{\'e}, Akynara and Fernandes, Carla and Pitta, Renata and Azevedo, Samuel and Burlamaqui, Aquiles and Silva, Alzira and Gon{\c{c}}alves, Luiz MG},
  booktitle={Frontiers in Education Conference, 2009. FIE'09. 39th IEEE},
  pages={1--6},
  year={2009},
  organization={IEEE}
}

@book{papert1980mindstorms,
  title={Mindstorms: Children, computers, and powerful ideas},
  author={Papert, Seymour},
  year={1980},
  publisher={Basic Books, Inc.}
}

@article{rogers2004bringing,
  title={Bringing Engineering to Elementary School.},
  author={Rogers, Chris and Portsmore, Merredith},
  journal={Journal of STEM Education: Innovations \& Research},
  volume={5},
  year={2004}
}
@misc{chrip2013ResearcherNight,
	author= {ChIRP},
	title= {ChIRP demo NTNU Researchers night},
	month= {September},
	year={2013},
	url = {http://www.youtube.com/watch?v=BFv_t2OaQBA}
}
@misc{colostateReliability,
	author={Jonathan Howell and Paul Miller and Hyun Hee Park and Deborah Sattler and Todd Schack and Eric Spery and Shelley Widhalm and Mike Palmquist},
	year={2012},
	title={Reliability and Validity},
	url={http://writing.colostate.edu/guides/guide.cfm?guideid=66}
}
@misc{developerCPT,
	author={VisionMobile},
	title={Developer Economics 2013: The tools report},
	month={January},
	year={2013},
	url={http://www.visionmobile.com/product/developer-economics-2013-the-tools-report/
	}
}
@article{silk2011resources,
  title={Resources for learning robots: Environments and framings connecting math in robotics},
  author={Silk, Eli Michael},
  year={2011}
}

@article{mitnik2009collaborative,
  title={Collaborative robotic instruction: A graph teaching experience},
  author={Mitnik, Rub{\'e}n and Recabarren, Mat{\'\i}as and Nussbaum, Miguel and Soto, Alvaro},
  journal={Computers \& Education},
  volume={53},
  number={2},
  pages={330--342},
  year={2009},
  publisher={Elsevier}
}
@article{norton2004using,
  title={Using Lego construction to develop ratio understanding},
  author={Norton, Stephen John},
  journal={Mathematics education for the third millennium: Towards 2010},
  pages={414--421},
  year={2004}
}
@article{devellis2003scale,
  title={Scale Development: Theory and Applications Second Edition (Applied Social Research Methods)},
  author={Devellis, Robert F},
  year={2003},
  publisher={$\{$Sage Publications, Inc$\}$}
}
@article{kline2005principles,
  title={Principles and Practice of Structural Equation Modeling},
  author={Kline, Rex B},
  year={2005},
  publisher={Guilford Press}
}

@article{bodner1986constructivism,
  title={Constructivism: A theory of knowledge},
  author={Bodner, George M},
  journal={Journal of chemical education},
  volume={63},
  number={10},
  pages={873},
  year={1986},
  publisher={ACS Publications}
}
@article{gwet2001handbook,
  title={Handbook of inter-rater reliability},
  author={Gwet, Kilem},
  journal={Gaithersburg, MD: STATAXIS Publishing Company},
  pages={223--246},
  year={2001}
}
@article{shrout1979intraclass,
  title={Intraclass correlations: uses in assessing rater reliability.},
  author={Shrout, Patrick E and Fleiss, Joseph L},
  journal={Psychological bulletin},
  volume={86},
  number={2},
  pages={420},
  year={1979},
  publisher={American Psychological Association}
}
@article{kitchenham2007guidelines,
  title={Guidelines for performing systematic literature reviews in software engineering},
  author={Kitchenham, Barbara A and Charters, Stuart},
  year={2007}
}
@book{khan2001undertaking,
  title={Undertaking systematic reviews of research on effectiveness: CRD's guidance for carrying out or commissioning reviews},
  author={Khan, Khalid S and Ter Riet, Gerben and Glanville, Julie and Sowden, Amanda J and Kleijnen, Jos and others},
  number={4 (2nd Edition)},
  year={2001},
  publisher={NHS Centre for Reviews and Dissemination}
}
@misc{mozillaES6,
	author= {{Mozilla Developer Network}},
	title= {{ES6 Generators}},
	month= {May},
	year={2014},
	url={\url{https://developer.mozilla.org/en-US/docs/Web/JavaScript/Reference/Statements/function*}}
}
@article{cakir2008constructivist,
  title={Constructivist Approaches to Learning in Science and Their Implications for Science Pedagogy: A Literature Review.},
  author={Cakir, Mustafa},
  journal={International journal of environmental and science education},
  volume={3},
  number={4},
  pages={193--206},
  year={2008},
  publisher={ERIC}
}
@misc{papertGrant,
	author={Seymour Papert},
	title={Constructionism: A New Opportunity for Elementary Science Education},
	month={April},
	year={1989},
	url={\url{http://nsf.gov/awardsearch/showAward?AWD_ID=8751190}}
}
@article{ackermann2001piaget,
  title={Piaget's constructivism, Papert's constructionism: What's the difference},
  author={Ackermann, Edith},
  journal={Future of learning group publication},
  volume={5},
  number={3},
  pages={438},
  year={2001}
}